<?xml version="1.0" encoding="UTF-8"?>
<collection xmlns:xsi="http://www.w3.org/2001/XMLSchema-instance" xsi:schemaLocation="http://www.loc.gov/MARC21/slim http://www.loc.gov/standards/marcxml/schema/MARC21slim.xsd" xmlns="http://www.loc.gov/MARC21/slim">
<record>
  <leader>00665cam a22002051  4500</leader>
  <controlfield tag="001">2683144</controlfield>
  <controlfield tag="003">NNC</controlfield>
  <controlfield tag="005">20040122012038.0</controlfield>
  <controlfield tag="008">000925s1952    ua af         000 0 ara d</controlfield>
  <datafield tag="035" ind1=" " ind2=" ">
    <subfield code="a">(OCoLC)ocm45072994</subfield>
  </datafield>
  <datafield tag="035" ind1=" " ind2=" ">
    <subfield code="9">ARD2630CU</subfield>
  </datafield>
  <datafield tag="035" ind1=" " ind2=" ">
    <subfield code="a">(NNC)2683144</subfield>
  </datafield>
  <datafield tag="040" ind1=" " ind2=" ">
    <subfield code="a">ZCU</subfield>
    <subfield code="c">ZCU</subfield>
  </datafield>
  <datafield tag="099" ind1=" " ind2=" ">
    <subfield code="a">961</subfield>
    <subfield code="a">Sa11</subfield>
  </datafield>
  <datafield tag="100" ind1="1" ind2=" ">
    <subfield code="a">Saad, Zaki Yusef.</subfield>
  </datafield>
  <datafield tag="245" ind1="1" ind2="3">
    <subfield code="a">al-Fann wa-l-haḍārah fī-l-usratain al-ūlā wa-l-thāniyah,</subfield>
    <subfield code="c">taʾlīf Zakī Yūsuf Saʻd.</subfield>
  </datafield>
  <datafield tag="260" ind1=" " ind2=" ">
    <subfield code="a">[Miṣr,</subfield>
    <subfield code="b">Maktabat al-Anglo-al-Miṣrīyah]</subfield>
    <subfield code="c">1952.</subfield>
  </datafield>
  <datafield tag="300" ind1=" " ind2=" ">
    <subfield code="a">104 p. (incl. illus.) and 71 plates.</subfield>
  </datafield>
  <datafield tag="500" ind1=" " ind2=" ">
    <subfield code="a">At head of title: al-Ḥafāʾir al-Milikiyah bi-Ḥilwān.</subfield>
  </datafield>
  <datafield tag="955" ind1=" " ind2=" ">
    <subfield code="b">0026812266</subfield>
    <subfield code="d">glx</subfield>
    <subfield code="e">961 Sa11</subfield>
  </datafield>
</record>
</collection>